@book{bwapi,
    title={BWAPI, An API for interacting with Starcraft: Broodwar},
    note="\url{http://bwapi.github.io/}"
}

@book{libbehavior,
    title={Libbehavior, C++ library for Implementing Reactive AI},
    note="\url{http://code.google.com/p/libbehavior/}"
}

@book{AIbyexample,
    title={Programming Game AI by Example},
    author={Mat Buckland},
    year={2005}
}

@article{kiting,
    title={Kiting in RTS Games Using Influence maps},
    author={Uriarte, Alberto and Ontanon, Santiago},
    year={2012},
    note="\url{http://nova.wolfwork.com/papers/Kiting_RTS_Influence_Maps.pdf}"
}

@article{abcd,
    title={Fast Heuristic Search for RTS Game Combat Scenarios},
    author={Churchill, David and Saffidine, Abdallah and Buro, Michael},
	note="\url{http://skatgame.net/mburo/ps/aiide12-combat.pdf}"
}

@article{wargusuct,
    title={UCT for Tactical Assault Planning in Real-Time Strategy Games},
    author={Balla, Radha-Krishna and Fern, Alan},
	note="\url{http://ijcai.org/papers09/Papers/IJCAI09-018.pdf}"
}

@article{mcts,
    title={A Survey of Monte Carlo Tree Search Methods},
    author={Cameron Browne and Edward Powley and Daniel Whitehouse and Simon Lucas and Peter I. Cowling and Philipp Rohlfshagen and Stephen Tavener and Diego Perez and Spyridon Samothrakis and Simon Colton},
	note="IEEE TRANSACTIONS ON COMPUTATIONAL INTELLIGENCE AND AI IN GAMES, VOL. 4, NO. 1, MARCH 20"
}

@book{arimaawiki,
	title={Computer Arimaa - Wikipedia},
	note="\url{http://en.wikipedia.org/wiki/Computer_Arimaa#Brute-force_searching}"
}
